<?xml version="1.0" encoding="UTF-8"?><record xmlns="http://www.loc.gov/MARC21/slim" xmlns:cinclude="http://apache.org/cocoon/include/1.0" xmlns:zs="http://www.loc.gov/zing/srw/">
  <leader>00475nz  a2200133n  4500</leader>
  <controlfield tag="001">nr 00026065 </controlfield>
  <controlfield tag="003">DLC</controlfield>
  <controlfield tag="005">20000812033734.0</controlfield>
  <controlfield tag="008">000811n| acannaabn          |a aaa     c</controlfield>
  <datafield tag="010" ind1=" " ind2=" ">
    <subfield code="a">nr 00026065 </subfield>
  </datafield>
  <datafield tag="040" ind1=" " ind2=" ">
    <subfield code="a">CSt</subfield>
    <subfield code="b">eng</subfield>
    <subfield code="c">CSt</subfield>
  </datafield>
  <datafield tag="100" ind1="1" ind2=" ">
    <subfield code="a">Rosas Martínez, Alfredo</subfield>
  </datafield>
  <datafield tag="400" ind1="1" ind2=" ">
    <subfield code="a">Martínez, Alfredo Rosas</subfield>
  </datafield>
  <datafield tag="670" ind1=" " ind2=" ">
    <subfield code="a">El éter en el corazón, 1999:</subfield>
    <subfield code="b">t.p. (Alfredo Rosas Martínez) p. 4 of cover (prof., Facultad de Filosofía y Letras, Universidad Nacional Autónoma de México)</subfield>
  </datafield>
</record>